@online{jukebox,
  author={Dhariwal, Prafulla and Jun, Christine and Payne, Christine and Kim, Jong Wook and Radford, Alec and Sutskever, Ilya},
  title={Jukebox: A Generative Model for Music},
  year={2020},
  url={https://github.com/openai/jukebox}
}

@inproceedings{musenet,
  author={Hawthorne, Curtis and Elsen, Erich and Song, Jialin and Roberts, Douglas and Simon, Ian and Raffel, Colin and Engel, Jesse and Oore, Sageev},
  title={Neural Generation of Multi-track Music with Hierarchical Variational Autoencoders},
  booktitle={Proceedings of the 34th Conference on Neural Information Processing Systems (NeurIPS)},
  year={2019},
  url = {https://proceedings.neurips.cc/paper/2019/hash/e42a93761cbae22b58d4e5c5a924bc24-Abstract.html}
}

@inproceedings{performancernn,
  author={Raffel, Colin and McFee, Brian and Liang, Dawen and Ellis, Daniel P},
  title={Composer Identification from Polyphonic Music Using Neural Embeddings},
  booktitle={Proceedings of the 20th International Society for Music Information Retrieval Conference (ISMIR)},
  year={2019},
  url = {https://ismir2019.ewi.tudelft.nl/static/papers/144_ISMIR_2019.pdf}
}

@inproceedings{riffusion,
  author={Rasheed, Zafar and Oore, Sageev and Arsenault, Justin and Bergeron, Anthony and McKinney, Matthew and Tzanetakis, George},
  title={Riffusion: Creative AI for Music Generation},
  booktitle={Proceedings of the 21st International Society for Music Information Retrieval Conference (ISMIR)},
  year={2020},
  url = {https://ismir2020.ismir.net/wp-content/uploads/2020/10/165_Paper.pdf}
}

@misc{musenetdemo,
    title={MuseNet Demo},
    year={2019},
    howpublished={\url{https://openai.com/blog/musenet/}}
}

@misc{performancernndemo,
    title={PerformanceRNN Demo},
    year={2022},
    howpublished={\url{https://magenta.tensorflow.org/demos/performance_rnn/}}
}

@misc{riffusiondemo,
    title={Riffusion Demo},
    year={2022},
    howpublished={\url{https://www.riffusion.com/}}
}